% Encoding: UTF-8

@Article{Regier2018Functionalequivalenceof,
  author       = {Allison A Regier and Yossi Farjoun and David Larson and Olga Krasheninina and Hyun Min Kang and Daniel P Howrigan and Bo-Juen Chen and Manisha Kher and Eric Banks and Darren C Ames and Adam C English and Heng Li and Goncalo R Abecasis and Will Salerno and Michael C Zody and Benjamin M Neale and Ira M Hall and},
  title        = {Functional equivalence of genome sequencing analysis pipelines enables harmonized variant calling across human genetics projects},
  journaltitle = {bioRxiv},
  date         = {2018-02},
  doi          = {10.1101/269316},
  file         = {:Regier2018Functionalequivalenceof.pdf:PDF},
  groups       = {sequencing, dnaseq-pipeline},
  owner        = {georgotto},
  publisher    = {Cold Spring Harbor Laboratory},
  timestamp    = {2018.04.17},
}

@Comment{jabref-meta: databaseType:biblatex;}

@Comment{jabref-meta: grouping:
0 AllEntriesGroup:;
1 StaticGroup:RNA-Seq\;0\;1\;\;\;\;;
1 StaticGroup:publications\;0\;1\;\;\;\;;
1 StaticGroup:multi-omics\;0\;1\;\;\;\;;
1 StaticGroup:statistics\;0\;1\;\;\;\;;
1 StaticGroup:project-ich\;0\;1\;\;\;\;;
1 StaticGroup:sequencing\;0\;1\;\;\;\;;
2 StaticGroup:dnaseq-pipeline\;0\;1\;\;\;\;;
}
